%YAML 1.1
%TAG !u! tag:unity3d.com,2011:
--- !u!1 &2128333938898099774
GameObject:
  m_ObjectHideFlags: 0
  m_CorrespondingSourceObject: {fileID: 0}
  m_PrefabInstance: {fileID: 0}
  m_PrefabAsset: {fileID: 0}
  serializedVersion: 6
  m_Component:
  - component: {fileID: 891473971205301100}
  - component: {fileID: 6393993899018689228}
  - component: {fileID: 4814428946322216956}
  m_Layer: 8
  m_Name: Collider
  m_TagString: Player
  m_Icon: {fileID: 0}
  m_NavMeshLayer: 0
  m_StaticEditorFlags: 0
  m_IsActive: 1
--- !u!4 &891473971205301100
Transform:
  m_ObjectHideFlags: 0
  m_CorrespondingSourceObject: {fileID: 0}
  m_PrefabInstance: {fileID: 0}
  m_PrefabAsset: {fileID: 0}
  m_GameObject: {fileID: 2128333938898099774}
  m_LocalRotation: {x: 0, y: 0, z: 0, w: 1}
  m_LocalPosition: {x: 0, y: -0.3, z: 0}
  m_LocalScale: {x: 1, y: 1, z: 1}
  m_Children: []
  m_Father: {fileID: 7103422758168213937}
  m_RootOrder: 1
  m_LocalEulerAnglesHint: {x: 0, y: 0, z: 0}
--- !u!114 &6393993899018689228
MonoBehaviour:
  m_ObjectHideFlags: 0
  m_CorrespondingSourceObject: {fileID: 0}
  m_PrefabInstance: {fileID: 0}
  m_PrefabAsset: {fileID: 0}
  m_GameObject: {fileID: 2128333938898099774}
  m_Enabled: 1
  m_EditorHideFlags: 0
  m_Script: {fileID: 11500000, guid: 17a57a1bdfdaec14398e0aaa9a769ae5, type: 3}
  m_Name: 
  m_EditorClassIdentifier: 
  coll: {fileID: 4814428946322216956}
  shipStats: {fileID: 0}
  shipBehavior: {fileID: 0}
--- !u!58 &4814428946322216956
CircleCollider2D:
  m_ObjectHideFlags: 0
  m_CorrespondingSourceObject: {fileID: 0}
  m_PrefabInstance: {fileID: 0}
  m_PrefabAsset: {fileID: 0}
  m_GameObject: {fileID: 2128333938898099774}
  m_Enabled: 1
  m_Density: 1
  m_Material: {fileID: 0}
  m_IsTrigger: 1
  m_UsedByEffector: 0
  m_UsedByComposite: 0
  m_Offset: {x: 0, y: 0.3}
  serializedVersion: 2
  m_Radius: 0.3
--- !u!114 &770210996920259972
MonoBehaviour:
  m_ObjectHideFlags: 0
  m_CorrespondingSourceObject: {fileID: 0}
  m_PrefabInstance: {fileID: 0}
  m_PrefabAsset: {fileID: 0}
  m_GameObject: {fileID: 2145358097830509184}
  m_Enabled: 1
  m_EditorHideFlags: 0
  m_Script: {fileID: 11500000, guid: 310537ddf1665004a82e48f41030133b, type: 3}
  m_Name: 
  m_EditorClassIdentifier: 
  _speedRotate: -100
--- !u!1 &5062018977173092530
GameObject:
  m_ObjectHideFlags: 0
  m_CorrespondingSourceObject: {fileID: 0}
  m_PrefabInstance: {fileID: 0}
  m_PrefabAsset: {fileID: 0}
  serializedVersion: 6
  m_Component:
  - component: {fileID: 7103422758168213937}
  - component: {fileID: 3838361662182939396}
  - component: {fileID: 3792963627400794394}
  - component: {fileID: 7052359068866429464}
  - component: {fileID: 7900342705740542597}
  m_Layer: 0
  m_Name: Ship-3
  m_TagString: Untagged
  m_Icon: {fileID: 0}
  m_NavMeshLayer: 0
  m_StaticEditorFlags: 0
  m_IsActive: 1
--- !u!4 &7103422758168213937
Transform:
  m_ObjectHideFlags: 0
  m_CorrespondingSourceObject: {fileID: 0}
  m_PrefabInstance: {fileID: 0}
  m_PrefabAsset: {fileID: 0}
  m_GameObject: {fileID: 5062018977173092530}
  m_LocalRotation: {x: 0, y: 0, z: 0, w: 1}
  m_LocalPosition: {x: 0, y: 0, z: 0}
  m_LocalScale: {x: 1, y: 1, z: 1}
  m_Children:
  - {fileID: 7333193486678213354}
  - {fileID: 891473971205301100}
  - {fileID: 2148201164432101538}
  - {fileID: 1787501146878690325}
  - {fileID: 7465233018085308297}
  m_Father: {fileID: 0}
  m_RootOrder: 0
  m_LocalEulerAnglesHint: {x: 0, y: 0, z: 0}
--- !u!50 &3838361662182939396
Rigidbody2D:
  serializedVersion: 4
  m_ObjectHideFlags: 0
  m_CorrespondingSourceObject: {fileID: 0}
  m_PrefabInstance: {fileID: 0}
  m_PrefabAsset: {fileID: 0}
  m_GameObject: {fileID: 5062018977173092530}
  m_BodyType: 1
  m_Simulated: 1
  m_UseFullKinematicContacts: 0
  m_UseAutoMass: 0
  m_Mass: 1
  m_LinearDrag: 0
  m_AngularDrag: 0.05
  m_GravityScale: 1
  m_Material: {fileID: 0}
  m_Interpolate: 0
  m_SleepingMode: 1
  m_CollisionDetection: 0
  m_Constraints: 0
--- !u!114 &3792963627400794394
MonoBehaviour:
  m_ObjectHideFlags: 0
  m_CorrespondingSourceObject: {fileID: 0}
  m_PrefabInstance: {fileID: 0}
  m_PrefabAsset: {fileID: 0}
  m_GameObject: {fileID: 5062018977173092530}
  m_Enabled: 1
  m_EditorHideFlags: 0
  m_Script: {fileID: 11500000, guid: 59e0119a49f26dd4eb864a7075fcc19c, type: 3}
  m_Name: 
  m_EditorClassIdentifier: 
  shipBehavior: {fileID: 7900342705740542597}
  healthBase: 1
  healthTemp: 0
--- !u!114 &7052359068866429464
MonoBehaviour:
  m_ObjectHideFlags: 0
  m_CorrespondingSourceObject: {fileID: 0}
  m_PrefabInstance: {fileID: 0}
  m_PrefabAsset: {fileID: 0}
  m_GameObject: {fileID: 5062018977173092530}
  m_Enabled: 1
  m_EditorHideFlags: 0
  m_Script: {fileID: 11500000, guid: 84ce5920819e23f4787bee7ef38e55e3, type: 3}
  m_Name: 
  m_EditorClassIdentifier: 
  col2D: {fileID: 4814428946322216956}
--- !u!114 &7900342705740542597
MonoBehaviour:
  m_ObjectHideFlags: 0
  m_CorrespondingSourceObject: {fileID: 0}
  m_PrefabInstance: {fileID: 0}
  m_PrefabAsset: {fileID: 0}
  m_GameObject: {fileID: 5062018977173092530}
  m_Enabled: 1
  m_EditorHideFlags: 0
  m_Script: {fileID: 11500000, guid: 292ab9d1d6ef95b4ea493005fde10f09, type: 3}
  m_Name: 
  m_EditorClassIdentifier: 
  archon: 2
  idShip: 2
  status: 1
  skeAnimation: {fileID: 4099438904801177920}
  bulletsData: {fileID: 11400000, guid: 367dc547efc12ed40ad1a719705b4607, type: 2}
  rankAttackData: {fileID: 11400000, guid: f1ed46c27b0ac604fb417834141e53d9, type: 2}
  bulletLevelsPositionData: {fileID: 11400000, guid: 4eb682525d9a446378f1b2812d9da0eb,
    type: 2}
  psFire: {fileID: 1874553393252744703}
  shipStats: {fileID: 3792963627400794394}
  shipCollider: {fileID: 6393993899018689228}
  shipMovement: {fileID: 7052359068866429464}
  efExplosion: {fileID: 1746315176740370, guid: 36ca58a860b49af4ea8c3545d5025c9a,
    type: 3}
  goSuperEf: {fileID: 2145047839093689690}
  psSuperGlowEf: {fileID: 2234260980922875698}
  psSuperLoopEf: {fileID: 2269768093732033340}
  psGetItem: {fileID: 7465233018085366235}
  idBullet: 4
  typeAttack: 0
--- !u!1 &5855270060844944893
GameObject:
  m_ObjectHideFlags: 0
  m_CorrespondingSourceObject: {fileID: 0}
  m_PrefabInstance: {fileID: 0}
  m_PrefabAsset: {fileID: 0}
  serializedVersion: 6
  m_Component:
  - component: {fileID: 7333193486678213354}
  - component: {fileID: 4152906107177654265}
  - component: {fileID: 5043806972560764732}
  - component: {fileID: 4099438904801177920}
  m_Layer: 0
  m_Name: Animation
  m_TagString: Untagged
  m_Icon: {fileID: 0}
  m_NavMeshLayer: 0
  m_StaticEditorFlags: 0
  m_IsActive: 1
--- !u!4 &7333193486678213354
Transform:
  m_ObjectHideFlags: 0
  m_CorrespondingSourceObject: {fileID: 0}
  m_PrefabInstance: {fileID: 0}
  m_PrefabAsset: {fileID: 0}
  m_GameObject: {fileID: 5855270060844944893}
  m_LocalRotation: {x: -0, y: -0, z: -0, w: 1}
  m_LocalPosition: {x: 0, y: -0.4, z: 0}
  m_LocalScale: {x: 0.5, y: 0.5, z: 0.62}
  m_Children: []
  m_Father: {fileID: 7103422758168213937}
  m_RootOrder: 0
  m_LocalEulerAnglesHint: {x: 0, y: 0, z: 0}
--- !u!33 &4152906107177654265
MeshFilter:
  m_ObjectHideFlags: 0
  m_CorrespondingSourceObject: {fileID: 0}
  m_PrefabInstance: {fileID: 0}
  m_PrefabAsset: {fileID: 0}
  m_GameObject: {fileID: 5855270060844944893}
  m_Mesh: {fileID: 0}
--- !u!23 &5043806972560764732
MeshRenderer:
  m_ObjectHideFlags: 0
  m_CorrespondingSourceObject: {fileID: 0}
  m_PrefabInstance: {fileID: 0}
  m_PrefabAsset: {fileID: 0}
  m_GameObject: {fileID: 5855270060844944893}
  m_Enabled: 1
  m_CastShadows: 1
  m_ReceiveShadows: 1
  m_DynamicOccludee: 1
  m_MotionVectors: 1
  m_LightProbeUsage: 1
  m_ReflectionProbeUsage: 1
  m_RayTracingMode: 2
  m_RenderingLayerMask: 1
  m_RendererPriority: 0
  m_Materials:
  - {fileID: 2100000, guid: 286a1c11c8cbc9c4aa786adc727a93ea, type: 2}
  m_StaticBatchInfo:
    firstSubMesh: 0
    subMeshCount: 0
  m_StaticBatchRoot: {fileID: 0}
  m_ProbeAnchor: {fileID: 0}
  m_LightProbeVolumeOverride: {fileID: 0}
  m_ScaleInLightmap: 1
  m_ReceiveGI: 1
  m_PreserveUVs: 0
  m_IgnoreNormalsForChartDetection: 0
  m_ImportantGI: 0
  m_StitchLightmapSeams: 1
  m_SelectedEditorRenderState: 3
  m_MinimumChartSize: 4
  m_AutoUVMaxDistance: 0.5
  m_AutoUVMaxAngle: 89
  m_LightmapParameters: {fileID: 0}
  m_SortingLayerID: 2023851257
  m_SortingLayer: 1
  m_SortingOrder: 0
--- !u!114 &4099438904801177920
MonoBehaviour:
  m_ObjectHideFlags: 0
  m_CorrespondingSourceObject: {fileID: 0}
  m_PrefabInstance: {fileID: 0}
  m_PrefabAsset: {fileID: 0}
  m_GameObject: {fileID: 5855270060844944893}
  m_Enabled: 1
  m_EditorHideFlags: 0
  m_Script: {fileID: 11500000, guid: d247ba06193faa74d9335f5481b2b56c, type: 3}
  m_Name: 
  m_EditorClassIdentifier: 
  skeletonDataAsset: {fileID: 11400000, guid: cff62dac7b5f219488eacd143d9d443d, type: 2}
  initialSkinName: Skin_Lv0
  initialFlipX: 0
  initialFlipY: 0
  separatorSlotNames: []
  zSpacing: 0
  useClipping: 1
  immutableTriangles: 0
  pmaVertexColors: 1
  clearStateOnDisable: 0
  tintBlack: 0
  singleSubmesh: 0
  addNormals: 0
  calculateTangents: 0
  logErrors: 0
  disableRenderingOnOverride: 1
  _animationName: Idle_2
  loop: 1
  timeScale: 1
--- !u!1001 &1783935540632932055
PrefabInstance:
  m_ObjectHideFlags: 0
  serializedVersion: 2
  m_Modification:
    m_TransformParent: {fileID: 7103422758168213937}
    m_Modifications:
    - target: {fileID: 1754367121396474, guid: c273e49eebd4b4f4093ffa4d357c82b4, type: 3}
      propertyPath: m_Name
      value: Fire_ship3
      objectReference: {fileID: 0}
    - target: {fileID: 4421405341911746, guid: c273e49eebd4b4f4093ffa4d357c82b4, type: 3}
      propertyPath: m_LocalPosition.x
      value: 0.003
      objectReference: {fileID: 0}
    - target: {fileID: 4421405341911746, guid: c273e49eebd4b4f4093ffa4d357c82b4, type: 3}
      propertyPath: m_LocalPosition.y
      value: 0.557
      objectReference: {fileID: 0}
    - target: {fileID: 4421405341911746, guid: c273e49eebd4b4f4093ffa4d357c82b4, type: 3}
      propertyPath: m_LocalPosition.z
      value: 0
      objectReference: {fileID: 0}
    - target: {fileID: 4421405341911746, guid: c273e49eebd4b4f4093ffa4d357c82b4, type: 3}
      propertyPath: m_LocalRotation.x
      value: 0
      objectReference: {fileID: 0}
    - target: {fileID: 4421405341911746, guid: c273e49eebd4b4f4093ffa4d357c82b4, type: 3}
      propertyPath: m_LocalRotation.y
      value: 0
      objectReference: {fileID: 0}
    - target: {fileID: 4421405341911746, guid: c273e49eebd4b4f4093ffa4d357c82b4, type: 3}
      propertyPath: m_LocalRotation.z
      value: 0
      objectReference: {fileID: 0}
    - target: {fileID: 4421405341911746, guid: c273e49eebd4b4f4093ffa4d357c82b4, type: 3}
      propertyPath: m_LocalRotation.w
      value: 1
      objectReference: {fileID: 0}
    - target: {fileID: 4421405341911746, guid: c273e49eebd4b4f4093ffa4d357c82b4, type: 3}
      propertyPath: m_RootOrder
      value: 3
      objectReference: {fileID: 0}
    - target: {fileID: 4421405341911746, guid: c273e49eebd4b4f4093ffa4d357c82b4, type: 3}
      propertyPath: m_LocalEulerAnglesHint.x
      value: 0
      objectReference: {fileID: 0}
    - target: {fileID: 4421405341911746, guid: c273e49eebd4b4f4093ffa4d357c82b4, type: 3}
      propertyPath: m_LocalEulerAnglesHint.y
      value: 0
      objectReference: {fileID: 0}
    - target: {fileID: 4421405341911746, guid: c273e49eebd4b4f4093ffa4d357c82b4, type: 3}
      propertyPath: m_LocalEulerAnglesHint.z
      value: 0
      objectReference: {fileID: 0}
    m_RemovedComponents: []
  m_SourcePrefab: {fileID: 100100000, guid: c273e49eebd4b4f4093ffa4d357c82b4, type: 3}
--- !u!4 &1787501146878690325 stripped
Transform:
  m_CorrespondingSourceObject: {fileID: 4421405341911746, guid: c273e49eebd4b4f4093ffa4d357c82b4,
    type: 3}
  m_PrefabInstance: {fileID: 1783935540632932055}
  m_PrefabAsset: {fileID: 0}
--- !u!198 &1874553393252744703 stripped
ParticleSystem:
  m_CorrespondingSourceObject: {fileID: 198738432708309800, guid: c273e49eebd4b4f4093ffa4d357c82b4,
    type: 3}
  m_PrefabInstance: {fileID: 1783935540632932055}
  m_PrefabAsset: {fileID: 0}
--- !u!1001 &9063165624310995642
PrefabInstance:
  m_ObjectHideFlags: 0
  serializedVersion: 2
  m_Modification:
    m_TransformParent: {fileID: 7103422758168213937}
    m_Modifications:
    - target: {fileID: 6918207120616757216, guid: e25ee8a624bffa7409015cd5c2b85a38,
        type: 3}
      propertyPath: m_Name
      value: efMaxLevel 3
      objectReference: {fileID: 0}
    - target: {fileID: 6918421174597666040, guid: e25ee8a624bffa7409015cd5c2b85a38,
        type: 3}
      propertyPath: m_Name
      value: Loop
      objectReference: {fileID: 0}
    - target: {fileID: 6918620614256416102, guid: e25ee8a624bffa7409015cd5c2b85a38,
        type: 3}
      propertyPath: m_Name
      value: Glow
      objectReference: {fileID: 0}
    - target: {fileID: 6920102494896441880, guid: e25ee8a624bffa7409015cd5c2b85a38,
        type: 3}
      propertyPath: m_LocalPosition.x
      value: 0.012
      objectReference: {fileID: 0}
    - target: {fileID: 6920102494896441880, guid: e25ee8a624bffa7409015cd5c2b85a38,
        type: 3}
      propertyPath: m_LocalPosition.y
      value: -0.273
      objectReference: {fileID: 0}
    - target: {fileID: 6920102494896441880, guid: e25ee8a624bffa7409015cd5c2b85a38,
        type: 3}
      propertyPath: m_LocalPosition.z
      value: 0
      objectReference: {fileID: 0}
    - target: {fileID: 6920102494896441880, guid: e25ee8a624bffa7409015cd5c2b85a38,
        type: 3}
      propertyPath: m_LocalRotation.x
      value: -0
      objectReference: {fileID: 0}
    - target: {fileID: 6920102494896441880, guid: e25ee8a624bffa7409015cd5c2b85a38,
        type: 3}
      propertyPath: m_LocalRotation.y
      value: -0
      objectReference: {fileID: 0}
    - target: {fileID: 6920102494896441880, guid: e25ee8a624bffa7409015cd5c2b85a38,
        type: 3}
      propertyPath: m_LocalRotation.z
      value: -0
      objectReference: {fileID: 0}
    - target: {fileID: 6920102494896441880, guid: e25ee8a624bffa7409015cd5c2b85a38,
        type: 3}
      propertyPath: m_LocalRotation.w
      value: 1
      objectReference: {fileID: 0}
    - target: {fileID: 6920102494896441880, guid: e25ee8a624bffa7409015cd5c2b85a38,
        type: 3}
      propertyPath: m_RootOrder
      value: 2
      objectReference: {fileID: 0}
    - target: {fileID: 6920102494896441880, guid: e25ee8a624bffa7409015cd5c2b85a38,
        type: 3}
      propertyPath: m_LocalEulerAnglesHint.x
      value: 0
      objectReference: {fileID: 0}
    - target: {fileID: 6920102494896441880, guid: e25ee8a624bffa7409015cd5c2b85a38,
        type: 3}
      propertyPath: m_LocalEulerAnglesHint.y
      value: 0
      objectReference: {fileID: 0}
    - target: {fileID: 6920102494896441880, guid: e25ee8a624bffa7409015cd5c2b85a38,
        type: 3}
      propertyPath: m_LocalEulerAnglesHint.z
      value: 0
      objectReference: {fileID: 0}
    - target: {fileID: 6920173224933507646, guid: e25ee8a624bffa7409015cd5c2b85a38,
        type: 3}
      propertyPath: m_LocalPosition.y
      value: 0.87400013
      objectReference: {fileID: 0}
    - target: {fileID: 6923786406637760702, guid: e25ee8a624bffa7409015cd5c2b85a38,
        type: 3}
      propertyPath: m_LocalPosition.y
      value: 0.874
      objectReference: {fileID: 0}
    - target: {fileID: 6924214495167262330, guid: e25ee8a624bffa7409015cd5c2b85a38,
        type: 3}
      propertyPath: m_LocalPosition.y
      value: 0.545
      objectReference: {fileID: 0}
    - target: {fileID: 7115928352133059064, guid: e25ee8a624bffa7409015cd5c2b85a38,
        type: 3}
      propertyPath: m_SortingLayerID
      value: 2023851257
      objectReference: {fileID: 0}
    - target: {fileID: 7115928352133059064, guid: e25ee8a624bffa7409015cd5c2b85a38,
        type: 3}
      propertyPath: m_SortingLayer
      value: 1
      objectReference: {fileID: 0}
    - target: {fileID: 7115928352133059064, guid: e25ee8a624bffa7409015cd5c2b85a38,
        type: 3}
      propertyPath: m_SortingOrder
      value: 5
      objectReference: {fileID: 0}
    - target: {fileID: 7117368941597655016, guid: e25ee8a624bffa7409015cd5c2b85a38,
        type: 3}
      propertyPath: m_SortingLayerID
      value: 2023851257
      objectReference: {fileID: 0}
    - target: {fileID: 7117368941597655016, guid: e25ee8a624bffa7409015cd5c2b85a38,
        type: 3}
      propertyPath: m_SortingLayer
      value: 1
      objectReference: {fileID: 0}
    - target: {fileID: 7117368941597655016, guid: e25ee8a624bffa7409015cd5c2b85a38,
        type: 3}
      propertyPath: m_SortingOrder
      value: 5
      objectReference: {fileID: 0}
    - target: {fileID: 7129867062534187258, guid: e25ee8a624bffa7409015cd5c2b85a38,
        type: 3}
      propertyPath: m_SortingLayerID
      value: 2023851257
      objectReference: {fileID: 0}
    - target: {fileID: 7129867062534187258, guid: e25ee8a624bffa7409015cd5c2b85a38,
        type: 3}
      propertyPath: m_SortingLayer
      value: 1
      objectReference: {fileID: 0}
    - target: {fileID: 7129867062534187258, guid: e25ee8a624bffa7409015cd5c2b85a38,
        type: 3}
      propertyPath: m_SortingOrder
      value: 5
      objectReference: {fileID: 0}
    m_RemovedComponents: []
  m_SourcePrefab: {fileID: 100100000, guid: e25ee8a624bffa7409015cd5c2b85a38, type: 3}
--- !u!1 &2145047839093689690 stripped
GameObject:
  m_CorrespondingSourceObject: {fileID: 6918207120616757216, guid: e25ee8a624bffa7409015cd5c2b85a38,
    type: 3}
  m_PrefabInstance: {fileID: 9063165624310995642}
  m_PrefabAsset: {fileID: 0}
--- !u!4 &2148201164432101538 stripped
Transform:
  m_CorrespondingSourceObject: {fileID: 6920102494896441880, guid: e25ee8a624bffa7409015cd5c2b85a38,
    type: 3}
  m_PrefabInstance: {fileID: 9063165624310995642}
  m_PrefabAsset: {fileID: 0}
--- !u!198 &2234260980922875698 stripped
ParticleSystem:
  m_CorrespondingSourceObject: {fileID: 7117769455143937416, guid: e25ee8a624bffa7409015cd5c2b85a38,
    type: 3}
  m_PrefabInstance: {fileID: 9063165624310995642}
  m_PrefabAsset: {fileID: 0}
--- !u!198 &2269768093732033340 stripped
ParticleSystem:
  m_CorrespondingSourceObject: {fileID: 7113720470523824518, guid: e25ee8a624bffa7409015cd5c2b85a38,
    type: 3}
  m_PrefabInstance: {fileID: 9063165624310995642}
  m_PrefabAsset: {fileID: 0}
--- !u!1 &2145358097830509184 stripped
GameObject:
  m_CorrespondingSourceObject: {fileID: 6918376540932104250, guid: e25ee8a624bffa7409015cd5c2b85a38,
    type: 3}
  m_PrefabInstance: {fileID: 9063165624310995642}
  m_PrefabAsset: {fileID: 0}
--- !u!1001 &9169857409471260702
PrefabInstance:
  m_ObjectHideFlags: 0
  serializedVersion: 2
  m_Modification:
    m_TransformParent: {fileID: 7103422758168213937}
    m_Modifications:
    - target: {fileID: 1790239514639589867, guid: c01ad7b6598641aa854f8b70df8ced66,
        type: 3}
      propertyPath: m_Name
      value: FX_GetItem
      objectReference: {fileID: 0}
    - target: {fileID: 1790239514639818647, guid: c01ad7b6598641aa854f8b70df8ced66,
        type: 3}
      propertyPath: m_LocalPosition.x
      value: 0
      objectReference: {fileID: 0}
    - target: {fileID: 1790239514639818647, guid: c01ad7b6598641aa854f8b70df8ced66,
        type: 3}
      propertyPath: m_LocalPosition.y
      value: 0
      objectReference: {fileID: 0}
    - target: {fileID: 1790239514639818647, guid: c01ad7b6598641aa854f8b70df8ced66,
        type: 3}
      propertyPath: m_LocalPosition.z
      value: -0.15
      objectReference: {fileID: 0}
    - target: {fileID: 1790239514639818647, guid: c01ad7b6598641aa854f8b70df8ced66,
        type: 3}
      propertyPath: m_LocalRotation.x
      value: 0
      objectReference: {fileID: 0}
    - target: {fileID: 1790239514639818647, guid: c01ad7b6598641aa854f8b70df8ced66,
        type: 3}
      propertyPath: m_LocalRotation.y
      value: 0
      objectReference: {fileID: 0}
    - target: {fileID: 1790239514639818647, guid: c01ad7b6598641aa854f8b70df8ced66,
        type: 3}
      propertyPath: m_LocalRotation.z
      value: 0
      objectReference: {fileID: 0}
    - target: {fileID: 1790239514639818647, guid: c01ad7b6598641aa854f8b70df8ced66,
        type: 3}
      propertyPath: m_LocalRotation.w
      value: 1
      objectReference: {fileID: 0}
    - target: {fileID: 1790239514639818647, guid: c01ad7b6598641aa854f8b70df8ced66,
        type: 3}
      propertyPath: m_RootOrder
      value: 4
      objectReference: {fileID: 0}
    - target: {fileID: 1790239514639818647, guid: c01ad7b6598641aa854f8b70df8ced66,
        type: 3}
      propertyPath: m_LocalEulerAnglesHint.x
      value: 0
      objectReference: {fileID: 0}
    - target: {fileID: 1790239514639818647, guid: c01ad7b6598641aa854f8b70df8ced66,
        type: 3}
      propertyPath: m_LocalEulerAnglesHint.y
      value: 0
      objectReference: {fileID: 0}
    - target: {fileID: 1790239514639818647, guid: c01ad7b6598641aa854f8b70df8ced66,
        type: 3}
      propertyPath: m_LocalEulerAnglesHint.z
      value: 0
      objectReference: {fileID: 0}
    m_RemovedComponents: []
  m_SourcePrefab: {fileID: 100100000, guid: c01ad7b6598641aa854f8b70df8ced66, type: 3}
--- !u!4 &7465233018085308297 stripped
Transform:
  m_CorrespondingSourceObject: {fileID: 1790239514639818647, guid: c01ad7b6598641aa854f8b70df8ced66,
    type: 3}
  m_PrefabInstance: {fileID: 9169857409471260702}
  m_PrefabAsset: {fileID: 0}
--- !u!198 &7465233018085366235 stripped
ParticleSystem:
  m_CorrespondingSourceObject: {fileID: 1790239514639888837, guid: c01ad7b6598641aa854f8b70df8ced66,
    type: 3}
  m_PrefabInstance: {fileID: 9169857409471260702}
  m_PrefabAsset: {fileID: 0}
