%YAML 1.1
%TAG !u! tag:unity3d.com,2011:
--- !u!1 &4888807074042886616
GameObject:
  m_ObjectHideFlags: 0
  m_CorrespondingSourceObject: {fileID: 0}
  m_PrefabInstance: {fileID: 0}
  m_PrefabAsset: {fileID: 0}
  serializedVersion: 6
  m_Component:
  - component: {fileID: 4888807074042886623}
  - component: {fileID: 4888807074042886621}
  - component: {fileID: 8295533171090209482}
  - component: {fileID: 3213009246912144664}
  - component: {fileID: 4424075112382587468}
  m_Layer: 0
  m_Name: Enemy42
  m_TagString: Enemy
  m_Icon: {fileID: 0}
  m_NavMeshLayer: 0
  m_StaticEditorFlags: 0
  m_IsActive: 1
--- !u!4 &4888807074042886623
Transform:
  m_ObjectHideFlags: 0
  m_CorrespondingSourceObject: {fileID: 0}
  m_PrefabInstance: {fileID: 0}
  m_PrefabAsset: {fileID: 0}
  m_GameObject: {fileID: 4888807074042886616}
  m_LocalRotation: {x: 0, y: 0, z: 0, w: 1}
  m_LocalPosition: {x: 0, y: 0, z: 0}
  m_LocalScale: {x: 1, y: 1, z: 1}
  m_Children:
  - {fileID: 4888807074060577566}
  m_Father: {fileID: 0}
  m_RootOrder: 0
  m_LocalEulerAnglesHint: {x: 0, y: 0, z: 0}
--- !u!50 &4888807074042886621
Rigidbody2D:
  serializedVersion: 4
  m_ObjectHideFlags: 0
  m_CorrespondingSourceObject: {fileID: 0}
  m_PrefabInstance: {fileID: 0}
  m_PrefabAsset: {fileID: 0}
  m_GameObject: {fileID: 4888807074042886616}
  m_BodyType: 1
  m_Simulated: 1
  m_UseFullKinematicContacts: 0
  m_UseAutoMass: 0
  m_Mass: 1
  m_LinearDrag: 0
  m_AngularDrag: 0.05
  m_GravityScale: 1
  m_Material: {fileID: 0}
  m_Interpolate: 0
  m_SleepingMode: 1
  m_CollisionDetection: 0
  m_Constraints: 0
--- !u!114 &8295533171090209482
MonoBehaviour:
  m_ObjectHideFlags: 0
  m_CorrespondingSourceObject: {fileID: 0}
  m_PrefabInstance: {fileID: 0}
  m_PrefabAsset: {fileID: 0}
  m_GameObject: {fileID: 4888807074042886616}
  m_Enabled: 1
  m_EditorHideFlags: 0
  m_Script: {fileID: 11500000, guid: ddf88117062ddfe4a973dd6104be7682, type: 3}
  m_Name: 
  m_EditorClassIdentifier: 
  timeTurnDelay: 3
  attackPoints:
  - {fileID: 7710490192896335180}
  timePointDelay: 0
  colBullet: 4
  timeColDelay: 0.2
  diffAngleCol: 10
  rowBullet: 4
  timeRowDelay: 0.2
  styleBullet: 0
  bulletPre: {fileID: 8230487966710524232, guid: 277f5d3965edf64479cfb4653a2766e6,
    type: 3}
--- !u!114 &3213009246912144664
MonoBehaviour:
  m_ObjectHideFlags: 0
  m_CorrespondingSourceObject: {fileID: 0}
  m_PrefabInstance: {fileID: 0}
  m_PrefabAsset: {fileID: 0}
  m_GameObject: {fileID: 4888807074042886616}
  m_Enabled: 1
  m_EditorHideFlags: 0
  m_Script: {fileID: 11500000, guid: 2a56061eb1ab55341a88c308d5fc89d0, type: 3}
  m_Name: 
  m_EditorClassIdentifier: 
  IsAttacking: 0
  _isMoveAttack: 1
--- !u!114 &4424075112382587468
MonoBehaviour:
  m_ObjectHideFlags: 0
  m_CorrespondingSourceObject: {fileID: 0}
  m_PrefabInstance: {fileID: 0}
  m_PrefabAsset: {fileID: 0}
  m_GameObject: {fileID: 4888807074042886616}
  m_Enabled: 1
  m_EditorHideFlags: 0
  m_Script: {fileID: 11500000, guid: a8200dc02dfe5ae45b6fa13b302a56f4, type: 3}
  m_Name: 
  m_EditorClassIdentifier: 
  ID: 41
  eMove: {fileID: 3213009246912144664}
  enemyCol2D: {fileID: 4961621671041471707}
  enemyData:
    EnemyName: Small
    Hp: 3
    MinHp: 1
    NumberBarHp: 1
    BodyDam: 10
    BulletDam: 10
    Score: 105
    CanAttack: 0
  curHP: 0
  totalHP: 0
  rg2D: {fileID: 4888807074042886621}
  psDie: {fileID: 1281403825029472, guid: 61d813693ee48a842a2ac3019e6c5904, type: 3}
  IsLive: 0
  eAttack: {fileID: 8295533171090209482}
  ViewObj: {fileID: 4888807074060577566}
  itemIndex: -1
--- !u!1 &4888807074060577567
GameObject:
  m_ObjectHideFlags: 0
  m_CorrespondingSourceObject: {fileID: 0}
  m_PrefabInstance: {fileID: 0}
  m_PrefabAsset: {fileID: 0}
  serializedVersion: 6
  m_Component:
  - component: {fileID: 4888807074060577566}
  - component: {fileID: 4888807074060577539}
  - component: {fileID: 4888807074060577564}
  - component: {fileID: 4888807074060577565}
  - component: {fileID: 5150315185573980039}
  - component: {fileID: 4961621671041471707}
  - component: {fileID: 6172229796612792024}
  m_Layer: 9
  m_Name: Render
  m_TagString: Untagged
  m_Icon: {fileID: 0}
  m_NavMeshLayer: 0
  m_StaticEditorFlags: 0
  m_IsActive: 1
--- !u!4 &4888807074060577566
Transform:
  m_ObjectHideFlags: 0
  m_CorrespondingSourceObject: {fileID: 0}
  m_PrefabInstance: {fileID: 0}
  m_PrefabAsset: {fileID: 0}
  m_GameObject: {fileID: 4888807074060577567}
  m_LocalRotation: {x: -0, y: -0, z: -0, w: 1}
  m_LocalPosition: {x: 0, y: -0.5, z: 0}
  m_LocalScale: {x: 1, y: 1, z: 1}
  m_Children:
  - {fileID: 7716306963427016718}
  m_Father: {fileID: 4888807074042886623}
  m_RootOrder: 0
  m_LocalEulerAnglesHint: {x: 0, y: 0, z: 0}
--- !u!33 &4888807074060577539
MeshFilter:
  m_ObjectHideFlags: 0
  m_CorrespondingSourceObject: {fileID: 0}
  m_PrefabInstance: {fileID: 0}
  m_PrefabAsset: {fileID: 0}
  m_GameObject: {fileID: 4888807074060577567}
  m_Mesh: {fileID: 0}
--- !u!23 &4888807074060577564
MeshRenderer:
  m_ObjectHideFlags: 0
  m_CorrespondingSourceObject: {fileID: 0}
  m_PrefabInstance: {fileID: 0}
  m_PrefabAsset: {fileID: 0}
  m_GameObject: {fileID: 4888807074060577567}
  m_Enabled: 1
  m_CastShadows: 1
  m_ReceiveShadows: 1
  m_DynamicOccludee: 1
  m_MotionVectors: 1
  m_LightProbeUsage: 1
  m_ReflectionProbeUsage: 1
  m_RayTracingMode: 2
  m_RenderingLayerMask: 1
  m_RendererPriority: 0
  m_Materials:
  - {fileID: 2100000, guid: 666323bd0950bfd45823bcf654b7bda5, type: 2}
  m_StaticBatchInfo:
    firstSubMesh: 0
    subMeshCount: 0
  m_StaticBatchRoot: {fileID: 0}
  m_ProbeAnchor: {fileID: 0}
  m_LightProbeVolumeOverride: {fileID: 0}
  m_ScaleInLightmap: 1
  m_ReceiveGI: 1
  m_PreserveUVs: 0
  m_IgnoreNormalsForChartDetection: 0
  m_ImportantGI: 0
  m_StitchLightmapSeams: 1
  m_SelectedEditorRenderState: 3
  m_MinimumChartSize: 4
  m_AutoUVMaxDistance: 0.5
  m_AutoUVMaxAngle: 89
  m_LightmapParameters: {fileID: 0}
  m_SortingLayerID: 0
  m_SortingLayer: 0
  m_SortingOrder: 0
--- !u!114 &4888807074060577565
MonoBehaviour:
  m_ObjectHideFlags: 0
  m_CorrespondingSourceObject: {fileID: 0}
  m_PrefabInstance: {fileID: 0}
  m_PrefabAsset: {fileID: 0}
  m_GameObject: {fileID: 4888807074060577567}
  m_Enabled: 1
  m_EditorHideFlags: 0
  m_Script: {fileID: 11500000, guid: d247ba06193faa74d9335f5481b2b56c, type: 3}
  m_Name: 
  m_EditorClassIdentifier: 
  skeletonDataAsset: {fileID: 11400000, guid: 2803caa2287aa62499baedc041b5bad1, type: 2}
  initialSkinName: default
  initialFlipX: 0
  initialFlipY: 0
  separatorSlotNames: []
  zSpacing: 0
  useClipping: 1
  immutableTriangles: 0
  pmaVertexColors: 1
  clearStateOnDisable: 0
  tintBlack: 0
  singleSubmesh: 0
  addNormals: 0
  calculateTangents: 0
  logErrors: 0
  disableRenderingOnOverride: 1
  _animationName: Idle_01
  loop: 1
  timeScale: 1
--- !u!114 &5150315185573980039
MonoBehaviour:
  m_ObjectHideFlags: 0
  m_CorrespondingSourceObject: {fileID: 0}
  m_PrefabInstance: {fileID: 0}
  m_PrefabAsset: {fileID: 0}
  m_GameObject: {fileID: 4888807074060577567}
  m_Enabled: 1
  m_EditorHideFlags: 0
  m_Script: {fileID: 11500000, guid: 7af26327a65403943b0bff97623cbcb8, type: 3}
  m_Name: 
  m_EditorClassIdentifier: 
--- !u!114 &4961621671041471707
MonoBehaviour:
  m_ObjectHideFlags: 0
  m_CorrespondingSourceObject: {fileID: 0}
  m_PrefabInstance: {fileID: 0}
  m_PrefabAsset: {fileID: 0}
  m_GameObject: {fileID: 4888807074060577567}
  m_Enabled: 1
  m_EditorHideFlags: 0
  m_Script: {fileID: 11500000, guid: acbdbfbfa39127f4a96b660401a38c92, type: 3}
  m_Name: 
  m_EditorClassIdentifier: 
  coll: {fileID: 6172229796612792024}
  enemyBase: {fileID: 4424075112382587468}
  damePerSec: {fileID: 5150315185573980039}
--- !u!58 &6172229796612792024
CircleCollider2D:
  m_ObjectHideFlags: 0
  m_CorrespondingSourceObject: {fileID: 0}
  m_PrefabInstance: {fileID: 0}
  m_PrefabAsset: {fileID: 0}
  m_GameObject: {fileID: 4888807074060577567}
  m_Enabled: 1
  m_Density: 1
  m_Material: {fileID: 0}
  m_IsTrigger: 1
  m_UsedByEffector: 0
  m_UsedByComposite: 0
  m_Offset: {x: 0, y: 0.5}
  serializedVersion: 2
  m_Radius: 0.5
--- !u!1001 &2521290805269608314
PrefabInstance:
  m_ObjectHideFlags: 0
  serializedVersion: 2
  m_Modification:
    m_TransformParent: {fileID: 4888807074060577566}
    m_Modifications:
    - target: {fileID: 5325709891363239796, guid: d436c4c2a7f6b1648a9ddb26ff73492f,
        type: 3}
      propertyPath: m_LocalPosition.x
      value: 0
      objectReference: {fileID: 0}
    - target: {fileID: 5325709891363239796, guid: d436c4c2a7f6b1648a9ddb26ff73492f,
        type: 3}
      propertyPath: m_LocalPosition.y
      value: 0
      objectReference: {fileID: 0}
    - target: {fileID: 5325709891363239796, guid: d436c4c2a7f6b1648a9ddb26ff73492f,
        type: 3}
      propertyPath: m_LocalPosition.z
      value: 0
      objectReference: {fileID: 0}
    - target: {fileID: 5325709891363239796, guid: d436c4c2a7f6b1648a9ddb26ff73492f,
        type: 3}
      propertyPath: m_LocalRotation.x
      value: -0
      objectReference: {fileID: 0}
    - target: {fileID: 5325709891363239796, guid: d436c4c2a7f6b1648a9ddb26ff73492f,
        type: 3}
      propertyPath: m_LocalRotation.y
      value: -0
      objectReference: {fileID: 0}
    - target: {fileID: 5325709891363239796, guid: d436c4c2a7f6b1648a9ddb26ff73492f,
        type: 3}
      propertyPath: m_LocalRotation.z
      value: 0.7071068
      objectReference: {fileID: 0}
    - target: {fileID: 5325709891363239796, guid: d436c4c2a7f6b1648a9ddb26ff73492f,
        type: 3}
      propertyPath: m_LocalRotation.w
      value: 0.7071068
      objectReference: {fileID: 0}
    - target: {fileID: 5325709891363239796, guid: d436c4c2a7f6b1648a9ddb26ff73492f,
        type: 3}
      propertyPath: m_RootOrder
      value: 0
      objectReference: {fileID: 0}
    - target: {fileID: 5325709891363239796, guid: d436c4c2a7f6b1648a9ddb26ff73492f,
        type: 3}
      propertyPath: m_LocalEulerAnglesHint.x
      value: 0
      objectReference: {fileID: 0}
    - target: {fileID: 5325709891363239796, guid: d436c4c2a7f6b1648a9ddb26ff73492f,
        type: 3}
      propertyPath: m_LocalEulerAnglesHint.y
      value: 0
      objectReference: {fileID: 0}
    - target: {fileID: 5325709891363239796, guid: d436c4c2a7f6b1648a9ddb26ff73492f,
        type: 3}
      propertyPath: m_LocalEulerAnglesHint.z
      value: 90
      objectReference: {fileID: 0}
    - target: {fileID: 5331212318060948022, guid: d436c4c2a7f6b1648a9ddb26ff73492f,
        type: 3}
      propertyPath: m_Name
      value: PreAttackEffect
      objectReference: {fileID: 0}
    m_RemovedComponents: []
  m_SourcePrefab: {fileID: 100100000, guid: d436c4c2a7f6b1648a9ddb26ff73492f, type: 3}
--- !u!1 &7710490192896335180 stripped
GameObject:
  m_CorrespondingSourceObject: {fileID: 5331212318060948022, guid: d436c4c2a7f6b1648a9ddb26ff73492f,
    type: 3}
  m_PrefabInstance: {fileID: 2521290805269608314}
  m_PrefabAsset: {fileID: 0}
--- !u!4 &7716306963427016718 stripped
Transform:
  m_CorrespondingSourceObject: {fileID: 5325709891363239796, guid: d436c4c2a7f6b1648a9ddb26ff73492f,
    type: 3}
  m_PrefabInstance: {fileID: 2521290805269608314}
  m_PrefabAsset: {fileID: 0}
